<?xml version="1.0" encoding="UTF-8"?>
<collection xmlns:xsi="http://www.w3.org/2001/XMLSchema-instance" xsi:schemaLocation="http://www.loc.gov/MARC21/slim http://www.loc.gov/standards/marcxml/schema/MARC21slim.xsd" xmlns="http://www.loc.gov/MARC21/slim">
<record>
  <leader>01329cam a2200289I  4500</leader>
  <controlfield tag="001">5346150</controlfield>
  <controlfield tag="003">NNC</controlfield>
  <controlfield tag="005">20130501150619.0</controlfield>
  <controlfield tag="008">840105s1953    ua            000 0 arar </controlfield>
  <datafield tag="010" ind1=" " ind2=" ">
    <subfield code="a">ne 62000110 </subfield>
  </datafield>
  <datafield tag="035" ind1=" " ind2=" ">
    <subfield code="a">(OCoLC)ocm10267213</subfield>
  </datafield>
  <datafield tag="035" ind1=" " ind2=" ">
    <subfield code="a">(NNC)5346150</subfield>
  </datafield>
  <datafield tag="040" ind1=" " ind2=" ">
    <subfield code="a">DLC</subfield>
    <subfield code="c">IXA</subfield>
    <subfield code="d">NYP</subfield>
    <subfield code="d">ZCU</subfield>
  </datafield>
  <datafield tag="041" ind1="0" ind2=" ">
    <subfield code="a">arafre</subfield>
  </datafield>
  <datafield tag="043" ind1=" " ind2=" ">
    <subfield code="a">e-sp---</subfield>
  </datafield>
  <datafield tag="099" ind1=" " ind2=" ">
    <subfield code="a">893.78</subfield>
    <subfield code="a">D35 v.11</subfield>
  </datafield>
  <datafield tag="100" ind1="1" ind2=" ">
    <subfield code="a">Zubayrī, Muṣʻab ibn ʻAbd Allāh,</subfield>
    <subfield code="d">772 or 773-851.</subfield>
  </datafield>
  <datafield tag="245" ind1="1" ind2="0">
    <subfield code="a">Kitāb nasab Quraysh,</subfield>
    <subfield code="c">li-Abī ʻAbd Allāh al-Muṣʻab ibn ʻAbd Allāh ibn al-Muṣʻab al-Zubayrī ; ʻuniyá bi-nashrihi li-awwal marrah wa-taṣḥīḥuhu wa-al-taʻlīq ʻalayhi A. Līfī Brūfinsāl.</subfield>
  </datafield>
  <datafield tag="260" ind1=" " ind2=" ">
    <subfield code="a">[al-Qāhirah] :</subfield>
    <subfield code="b">Dār al-Maʻārif lil-Ṭibāʻah wa-al-Nashr,</subfield>
    <subfield code="c">[1953]</subfield>
  </datafield>
  <datafield tag="300" ind1=" " ind2=" ">
    <subfield code="a">23, 477, xi p.,</subfield>
    <subfield code="b">facsims.</subfield>
    <subfield code="c">26 cm.</subfield>
  </datafield>
  <datafield tag="490" ind1="1" ind2=" ">
    <subfield code="a">Dhakhā'ir al-ʻArab ;</subfield>
    <subfield code="v">11</subfield>
  </datafield>
  <datafield tag="500" ind1=" " ind2=" ">
    <subfield code="a">Added t. p.: Kitab nasab Kuraish, recension andalouse du traité de généalogie des Kuraishites par Mus'ab ibn 'Abd Allah al-Zubairi; éd. critique d'après les manuscrits de la Bibliothèque Kattaniya à Fès et de la Bibliothèque nationale de Madrid.</subfield>
  </datafield>
  <datafield tag="650" ind1=" " ind2="0">
    <subfield code="a">Quraysh (Arab tribe)</subfield>
  </datafield>
  <datafield tag="700" ind1="1" ind2=" ">
    <subfield code="a">Lévi-Provençal, Evariste,</subfield>
    <subfield code="d">1894-1956.</subfield>
  </datafield>
  <datafield tag="740" ind1="0" ind2="1">
    <subfield code="a">Nasab Quraysh.</subfield>
  </datafield>
  <datafield tag="830" ind1=" " ind2="0">
    <subfield code="a">Dhakhāʼir al-ʻArab ;</subfield>
    <subfield code="v">11.</subfield>
  </datafield>
  <datafield tag="955" ind1=" " ind2=" ">
    <subfield code="b">0114807742</subfield>
    <subfield code="d">glx</subfield>
    <subfield code="e">893.78 D35 v.11</subfield>
    <subfield code="v">v.11</subfield>
  </datafield>
</record>
</collection>